<?xml version="1.0" encoding="UTF-8"?><record xmlns="http://www.loc.gov/MARC21/slim" xmlns:cinclude="http://apache.org/cocoon/include/1.0" xmlns:zs="http://www.loc.gov/zing/srw/">
  <leader>00297cz  a2200121n  4500</leader>
  <controlfield tag="001">n 2003118608</controlfield>
  <controlfield tag="003">DLC</controlfield>
  <controlfield tag="005">20031208125229.0</controlfield>
  <controlfield tag="008">031208n| acannaabn          |n aaa      </controlfield>
  <datafield tag="010" ind1=" " ind2=" ">
    <subfield code="a">n 2003118608</subfield>
  </datafield>
  <datafield tag="040" ind1=" " ind2=" ">
    <subfield code="a">DLC</subfield>
    <subfield code="c">DLC</subfield>
  </datafield>
  <datafield tag="100" ind1="1" ind2=" ">
    <subfield code="a">Mehta, Anand</subfield>
  </datafield>
  <datafield tag="670" ind1=" " ind2=" ">
    <subfield code="a">World light vehicles, c2000:</subfield>
    <subfield code="b">t.p. (Anand Mehta)</subfield>
  </datafield>
</record>